<?xml version="1.0" encoding="UTF-8"?><record xmlns="http://www.loc.gov/MARC21/slim" xmlns:cinclude="http://apache.org/cocoon/include/1.0" xmlns:zs="http://www.loc.gov/zing/srw/">
  <leader>00496nz  a2200157n  4500</leader>
  <controlfield tag="001">n 2015013043</controlfield>
  <controlfield tag="003">DLC</controlfield>
  <controlfield tag="005">20150302084400.0</controlfield>
  <controlfield tag="008">150302n| azannaabn          |n aaa      </controlfield>
  <datafield tag="010" ind1=" " ind2=" ">
    <subfield code="a">n 2015013043</subfield>
  </datafield>
  <datafield tag="040" ind1=" " ind2=" ">
    <subfield code="a">DLC</subfield>
    <subfield code="b">eng</subfield>
    <subfield code="e">rda</subfield>
    <subfield code="c">DLC</subfield>
  </datafield>
  <datafield tag="046" ind1=" " ind2=" ">
    <subfield code="f">19720518</subfield>
  </datafield>
  <datafield tag="100" ind1="1" ind2=" ">
    <subfield code="a">Sherwood, Elizabeth,</subfield>
    <subfield code="d">1972-</subfield>
  </datafield>
  <datafield tag="667" ind1=" " ind2=" ">
    <subfield code="a">Cannot identify with Elizabeth A. Sherwood</subfield>
  </datafield>
  <datafield tag="670" ind1=" " ind2=" ">
    <subfield code="a">Theory of mind, 2015:</subfield>
    <subfield code="b">ECIP t.p. (Elizabeth Sherwood)</subfield>
  </datafield>
  <datafield tag="670" ind1=" " ind2=" ">
    <subfield code="a">Email fr. pub., Feb. 13, 2015</subfield>
    <subfield code="b">(Elizabeth Sherwood; b. May 18, 1972)</subfield>
  </datafield>
</record>